@online{JavaDocs.SecureRandom,
  author = {Oracle and/or its affiliates},
  title = {SecureRandom - Java Platform, Standard Edition 8 API Specification},
  url = {https://docs.oracle.com/javase/8/docs/api/java/security/SecureRandom.html},
  urldate = {2018-11-04}
}

@techreport{RFC7519,
  author = {M. Jones and J. Bradley and N. Sakimura},
  title = {JSON Web Token (JWT)},
  howpublished = {Internet Requests for Comments},
  type = {RFC},
  number = {7519},
  year = {2015},
  month = {05},
  issn = {2070-1721},
  publisher = {RFC Editor},
  institution = {RFC Editor},
  url = {http://www.rfc-editor.org/rfc/rfc7519.txt},
  note = {\url{http://www.rfc-editor.org/rfc/rfc7519.txt}},
}

@online{JavaDocs.Test,
  author = {Oracle and/or its affiliates},
  title = {SecureRandom - Java Platform, Standard Edition 8 API ssSpecification},
  url = {https://docs.oracle.com/javase/8/docs/api/java/securityss/SecureRandom.html},
  urldate = {2018-11-04}
}
